<?xml version="1.0" encoding="UTF-8"?><collection xmlns="http://www.loc.gov/MARC21/slim"><record><leader>00483nam--2200133-i-4500</leader><controlfield tag="001">000004937</controlfield><controlfield tag="002">20161230</controlfield><controlfield tag="005">20161230201026</controlfield><controlfield tag="008">060222s1000------------r-----000-0-eng-d</controlfield><datafield ind1=" " ind2=" " tag="100"><subfield code="a">Baschieri, Luigi, Caroti Luciano</subfield></datafield><datafield ind1=" " ind2=" " tag="245"><subfield code="a">Ancora sul coefficiente di frantumazione dei matariali litici (ricerche eseguite col contributo del c.n.r.)</subfield></datafield><datafield ind1=" " ind2=" " tag="260"><subfield code="a">Pisa, Bibl.Centrale Dell Univers., 1958 8 P</subfield></datafield><datafield ind1=" " ind2=" " tag="490"><subfield code="a">Publiazioni Della Facolta D Ingegneria Dell Universita Di Pisa</subfield></datafield><datafield ind1=" " ind2=" " tag="852"><subfield code="a">15240</subfield></datafield></record></collection>